<record><leader>00000cas a22000007a 4500</leader><controlfield tag="001">10317027</controlfield><controlfield tag="008">840119d18671869wyuwr ne      0    0eng d</controlfield><datafield ind1=" " ind2=" " tag="010"><subfield code="a">sn 84022153 </subfield></datafield><datafield ind1=" " ind2=" " tag="040"><subfield code="a">NPX</subfield><subfield code="b">eng</subfield><subfield code="c">NPX</subfield><subfield code="d">OCLCQ</subfield><subfield code="d">CUS</subfield></datafield><datafield ind1=" " ind2=" " tag="042"><subfield code="a">msc</subfield></datafield><datafield ind1=" " ind2=" " tag="043"><subfield code="a">n-us-wy</subfield></datafield><datafield ind1=" " ind2="4" tag="050"><subfield code="a">AN</subfield></datafield><datafield ind1="0" ind2="4" tag="245"><subfield code="a">The Cheyenne Argus.</subfield></datafield><datafield ind1=" " ind2=" " tag="260"><subfield code="a">Cheyenne, Dakota [i.e. Wyo. :</subfield><subfield code="b">L.L. Bedell &amp; Co.]</subfield></datafield><datafield ind1=" " ind2=" " tag="300"><subfield code="a">volumes ;</subfield><subfield code="c">48 cm.</subfield></datafield><datafield ind1=" " ind2=" " tag="310"><subfield code="a">Weekly</subfield></datafield><datafield ind1=" " ind2=" " tag="336"><subfield code="a">text</subfield><subfield code="b">txt</subfield><subfield code="2">rdacontent</subfield></datafield><datafield ind1=" " ind2=" " tag="337"><subfield code="a">unmediated</subfield><subfield code="b">n</subfield><subfield code="2">rdamedia</subfield></datafield><datafield ind1=" " ind2=" " tag="338"><subfield code="a">volume</subfield><subfield code="b">nc</subfield><subfield code="2">rdacarrier</subfield></datafield><datafield ind1="1" ind2=" " tag="362"><subfield code="a">Began in 1867.</subfield><subfield code="z">Cf. McMurtrie, d. C. Early print. in Wyo.</subfield></datafield><datafield ind1="1" ind2=" " tag="362"><subfield code="a">Ceased in 1869.</subfield><subfield code="z">Cf. McMurtrie, d. C. Pioneer print. in Wyo.</subfield></datafield><datafield ind1=" " ind2=" " tag="500"><subfield code="a">Editors: L.L. Bedell, G.W. Wardman, &lt;1867&gt;.</subfield></datafield><datafield ind1=" " ind2=" " tag="500"><subfield code="a">Publisher's name recorded in daily ed.: Cheyenne daily Argus.</subfield></datafield><datafield ind1=" " ind2=" " tag="588"><subfield code="a">Description based on: Vol. 1, no. 18 (Nov. 14, 1867).</subfield></datafield><datafield ind1="1" ind2=" " tag="700"><subfield code="a">Bedell, L. L.</subfield></datafield><datafield ind1="1" ind2=" " tag="700"><subfield code="a">Wardman, George W.</subfield></datafield><datafield ind1=" " ind2=" " tag="752"><subfield code="a">United States</subfield><subfield code="b">Wyoming</subfield><subfield code="c">Laramie</subfield><subfield code="d">Cheyenne.</subfield></datafield><datafield ind1="1" ind2=" " tag="775"><subfield code="t">Cheyenne daily Argus</subfield><subfield code="w">(DLC)sn 84022152</subfield><subfield code="w">(OCoLC)10316936</subfield></datafield><datafield ind1="1" ind2=" " tag="029"><subfield code="a">AU@</subfield><subfield code="b">000025814439</subfield></datafield></record>